@book{2015Fc:t,
series = {Mathematics research developments},
publisher = {Nova Science Publishers},
isbn = {978-1-63463-002-3},
year = {2015},
title = {Fractional calculus : theory},
language = {eng},
address = {New York},
keywords = {racionální čísla ma; zlomky; výpočty; diferenciální rovnice},
lccn = {2014035652},
}

